@InProceedings{C2,
  author = 	 "Jones, C.D. and Smith, A.B. and Roberts, E.F.",
  title =        "Article Title",
  booktitle =        "Proceedings Title",
  organization = "IEEE",
  year = 	 "2003",
  volume = 	 "II",
  pages = 	 "803-806"
}


@misc{ Nobody06,
       author = "Nobody Jr",
       title = "My Article",
       year = "2006" }
       
@article{main_ar,
   author = {{Vilamala}, A. and {Madsen}, K.~H. and {Hansen}, L.~K.},
    title = "{Deep Convolutional Neural Networks for Interpretable Analysis of EEG Sleep Stage Scoring}",
  journal = {ArXiv e-prints},
archivePrefix = "arXiv",
   eprint = {1710.00633},
 primaryClass = "cs.CV",
 keywords = {Computer Science - Computer Vision and Pattern Recognition, Statistics - Machine Learning},
     year = 2017,
    month = oct,
   adsurl = {http://adsabs.harvard.edu/abs/2017arXiv171000633V},
  adsnote = {Provided by the SAO/NASA Astrophysics Data System}
}